@misc{tamarin,
  title={Formal Verification of the WireGuard Protocol},
  howpublished={https://www.wireguard.com/papers/wireguard-formal-verification.pdf},
  author={Donenfeld, Jason A. and Milner, Kevin},
  year={2017}
}
@misc{noiseexplorer,
  title = {Noise Explorer},
  year={2018},
  author = {Nadim Kobeissi},
  howpublished = "\url{https://noiseexplorer.com}",
}
@misc{noise,
  title={Noise protocol framework},
  author={Perrin, Trevor},
  howpublished={https://noiseprotocol.org/},
  year={2017},
  month={October}
}
@misc{libdisco,
  author = {David Wong},
  title = {libdisco},
  year = {2017},
  howpublished = "\url{https://www.discocrypto.com}",
}
@misc{sha3,
    title = {SHA-3 Project},
    year= {2007},
    howpublished = "\url{https://csrc.nist.gov/projects/hash-functions/sha-3-project}",
    author = {NIST}
}
@misc{disco-c,
  author = {David Wong},
  title = {EmbeddedDisco: A tiny C cryptographic library to encrypt sessions, authenticate messages, sign, hash, etc. based only on SHA-3 and Curve25519},
  year = {2018},
  howpublished = "\url{https://github.com/mimoo/disco-c}",
}
@misc{sponge,
  author = {G. Bertoni and J. Daemen and M. Peeters and G. Van Assche},
  title = {Cryptographic sponge functions},
  howpublished = {SHA-3 competition (round 3)},
  year = {2011},
  note = "\url{https://keccak.team/files/CSF-0.1.pdf}",
}
@misc{duplex,
    author = {Guido Bertoni and Joan Daemen and Michaël Peeters and Gilles Van Assche},
    title = {Duplexing the sponge: single-pass authenticated encryption and other applications},
    howpublished = {Cryptology ePrint Archive, Report 2011/499},
    year = {2011},
    note = "\url{https://eprint.iacr.org/2011/499}",
}
@misc{fips202,
    title = {SHA-3 Standard: Permutation-Based Hash and Extendable-Output Functions},
    year = {2015},
    author = {NIST},
    howpublished = "\url{https://csrc.nist.gov/publications/detail/fips/202/final}",
}
@misc{disco,
  title={Disco protocol framework},
  author={David Wong},
  howpublished={http://discocrypto.com/disco.html},
  year={2017}
}
@misc{cryptoverif,
  title={A Mechanised Computational Analysis of the WireGuard Virtual Private Network Protocol},
  author={Benjamin Lipp},
  year={2018},
  howpublished = "\url{https://benjaminlipp.de/master-thesis/master-thesis.pdf}"
}
@misc{strobe,
    author = {Mike Hamburg},
    title = {The STROBE protocol framework},
    howpublished = {Cryptology ePrint Archive, Report 2017/003},
    year = {2017},
    note = "\url{https://eprint.iacr.org/2017/003}",
}
@misc{suter,
  title = {Formalizing and Verifying the Security Protocols from the Noise Framework},
  author ={A. Suter-Dorig},
  year = {2018},
  note ="\url{https://www.ethz.ch/content/dam/ethz/special-interest/infk/inst-infsec/information-security-group-dam/research/software/noise_suter-doerig.pdf}",
}
@misc{discoNet,
  author = {Artyom Makarov},
  title = {.Net core implementation of libdisco},
  year = {2018},
  note = "\url{https://github.com/Fasjeit/DiscoNet}",
}
@misc{PyDisco,
  author = {Artyom Makarov},
  title = {PyDisco: Python 3 implementation of libdisco},
  year = {2018},
  note = "\url{https://github.com/Fasjeit/PyDisco}",
}
@misc{tamarinprover,
  author = {David Basin and Cas Cremers and Jannik Dreier and Simon Meier and Ralf Sasse and Benedikt Schmidt},
  title = {Tamarin Prover},
  year = {2012},
  note = "\url{https://tamarin-prover.github.io}",
}
@misc{spongeduplex,
  author = {Guido Bertoni and Joan Daemen and Michaël Peeters and Gilles Van Assche},
  title ={{Duplexing the sponge: single-pass authenticated encryption and other applications}},
  year = {2011},
  note ="\url{https://keccak.team/files/SpongeDuplex.pdf}",
}
@misc{keyedsponge,
  author = {Guido Bertoni and Joan Daemen and Michaël Peeters and Gilles Van Assche},
  title ={{On the security of the keyed sponge construction}},
  year = {2011},
}
@misc{discotamarin,
  author = {David Wong},
  title ={{Disco Formal Verification}},
  year = {2019},
  note ="\url{https://github.com/mimoo/disco-formal-verification}",
}

  
  